<record><leader>00000cas a2200000 a 4500</leader><controlfield tag="001">15193926</controlfield><controlfield tag="008">870213d19351983iluwr ne      0   a0eng c</controlfield><datafield ind1=" " ind2=" " tag="010"><subfield code="a">sn 87082199 </subfield></datafield><datafield ind1=" " ind2=" " tag="040"><subfield code="a">NPV</subfield><subfield code="b">eng</subfield><subfield code="c">NPV</subfield><subfield code="d">NVF</subfield><subfield code="d">OCLCQ</subfield><subfield code="d">CVF</subfield><subfield code="d">NVF</subfield><subfield code="d">OCLCQ</subfield><subfield code="d">NVF</subfield><subfield code="d">OCLCO</subfield><subfield code="d">OCLCF</subfield></datafield><datafield ind1="1" ind2=" " tag="029"><subfield code="a">AU@</subfield><subfield code="b">000025816397</subfield></datafield><datafield ind1=" " ind2=" " tag="042"><subfield code="a">pcc</subfield></datafield><datafield ind1=" " ind2=" " tag="043"><subfield code="a">n-us-il</subfield></datafield><datafield ind1="0" ind2=" " tag="130"><subfield code="a">Sentinel-leader (Warren, Ill. : 1935)</subfield></datafield><datafield ind1="1" ind2="4" tag="245"><subfield code="a">The sentinel-leader.</subfield></datafield><datafield ind1=" " ind2=" " tag="260"><subfield code="a">Warren, Jo Daviess County, Ill. :</subfield><subfield code="b">Ray M. Scotchbrook,</subfield><subfield code="c">1935-1983.</subfield></datafield><datafield ind1=" " ind2=" " tag="300"><subfield code="a">volumes</subfield></datafield><datafield ind1=" " ind2=" " tag="310"><subfield code="a">Weekly</subfield></datafield><datafield ind1="0" ind2=" " tag="362"><subfield code="a">Vol. 79, no. 43 (Oct. 31, 1935)-v. 126, no. 40 (Oct. 6, 1983).</subfield></datafield><datafield ind1=" " ind2="0" tag="651"><subfield code="a">Warren (Ill.)</subfield><subfield code="v">Newspapers.</subfield></datafield><datafield ind1=" " ind2="7" tag="655"><subfield code="a">Newspapers.</subfield><subfield code="2">fast</subfield><subfield code="0">(OCoLC)fst01423814</subfield></datafield><datafield ind1=" " ind2="7" tag="651"><subfield code="a">Illinois</subfield><subfield code="z">Warren.</subfield><subfield code="2">fast</subfield><subfield code="0">(OCoLC)fst01926170</subfield></datafield><datafield ind1=" " ind2=" " tag="752"><subfield code="a">United States</subfield><subfield code="b">Illinois</subfield><subfield code="c">Jo Daviess</subfield><subfield code="d">Warren.</subfield></datafield><datafield ind1="0" ind2="0" tag="780"><subfield code="t">Warren sentinel-leader (Warren, Ill. : 1900)</subfield><subfield code="w">(DLC)sn 87082200</subfield><subfield code="w">(OCoLC)15193640</subfield></datafield><datafield ind1="0" ind2="0" tag="785"><subfield code="t">Warren sentinel-leader (Warren, Ill. : 1983)</subfield><subfield code="w">(DLC)sn 87082198</subfield><subfield code="w">(OCoLC)15193976</subfield></datafield></record>